@Manual{R-base,
  title = {R: A Language and Environment for Statistical Computing},
  author = {{R Core Team}},
  organization = {R Foundation for Statistical Computing},
  address = {Vienna, Austria},
  year = {2020},
  url = {https://www.R-project.org/},
}
@Manual{R-haven,
  title = {haven: Import and Export 'SPSS', 'Stata' and 'SAS' Files},
  author = {Hadley Wickham and Evan Miller},
  year = {2020},
  note = {R package version 2.3.1},
  url = {https://CRAN.R-project.org/package=haven},
}
@Manual{R-papaja,
  author = {Frederik Aust and Marius Barth},
  title = {{papaja}: {Create} {APA} manuscripts with {R Markdown}},
  year = {2020},
  note = {R package version 0.1.0.9997},
  url = {https://github.com/crsh/papaja},
}
@Manual{R-apaTables,
  title = {apaTables: Create American Psychological Association (APA) Style Tables},
  author = {David Stanley},
  year = {2018},
  note = {R package version 2.0.5},
  url = {https://CRAN.R-project.org/package=apaTables},
}
@Manual{R-dplyr,
  title = {dplyr: A Grammar of Data Manipulation},
  author = {Hadley Wickham and Romain François and Lionel {
             Henry} and Kirill Müller},
  year = {2020},
  note = {R package version 1.0.2},
  url = {https://CRAN.R-project.org/package=dplyr},
}
@Manual{R-forcats,
  title = {forcats: Tools for Working with Categorical Variables (Factors)},
  author = {Hadley Wickham},
  year = {2019},
  note = {R package version 0.4.0},
  url = {https://CRAN.R-project.org/package=forcats},
}
@Book{R-ggplot2,
  author = {Hadley Wickham},
  title = {ggplot2: Elegant Graphics for Data Analysis},
  publisher = {Springer-Verlag New York},
  year = {2016},
  isbn = {978-3-319-24277-4},
  url = {https://ggplot2.tidyverse.org},
}
@Manual{R-janitor,
  title = {janitor: Simple Tools for Examining and Cleaning Dirty Data},
  author = {Sam Firke},
  year = {2020},
  note = {R package version 2.0.1},
  url = {https://CRAN.R-project.org/package=janitor},
}
@Manual{R-purrr,
  title = {purrr: Functional Programming Tools},
  author = {Lionel Henry and Hadley Wickham},
  year = {2019},
  note = {R package version 0.3.3},
  url = {https://CRAN.R-project.org/package=purrr},
}
@Manual{R-readr,
  title = {readr: Read Rectangular Text Data},
  author = {Hadley Wickham and Jim Hester and Romain Francois},
  year = {2018},
  note = {R package version 1.3.1},
  url = {https://CRAN.R-project.org/package=readr},
}
@Manual{R-stringr,
  title = {stringr: Simple, Consistent Wrappers for Common String Operations},
  author = {Hadley Wickham},
  year = {2019},
  note = {R package version 1.4.0},
  url = {https://CRAN.R-project.org/package=stringr},
}
@Manual{R-tibble,
  title = {tibble: Simple Data Frames},
  author = {Kirill Müller and Hadley Wickham},
  year = {2020},
  note = {R package version 3.0.3},
  url = {https://CRAN.R-project.org/package=tibble},
}
@Manual{R-tidyr,
  title = {tidyr: Tidy Messy Data},
  author = {Hadley Wickham and Lionel Henry},
  year = {2020},
  note = {R package version 1.0.2},
  url = {https://CRAN.R-project.org/package=tidyr},
}
@Article{R-tidyverse,
  title = {Welcome to the {tidyverse}},
  author = {Hadley Wickham and Mara Averick and Jennifer Bryan and Winston Chang and Lucy D'Agostino McGowan and Romain François and Garrett Grolemund and Alex Hayes and Lionel Henry and Jim Hester and Max Kuhn and Thomas Lin Pedersen and Evan Miller and Stephan Milton Bache and Kirill Müller and Jeroen Ooms and David Robinson and Dana Paige Seidel and Vitalie Spinu and Kohske Takahashi and Davis Vaughan and Claus Wilke and Kara Woo and Hiroaki Yutani},
  year = {2019},
  journal = {Journal of Open Source Software},
  volume = {4},
  number = {43},
  pages = {1686},
  doi = {10.21105/joss.01686},
}
@Manual{R-qwraps2,
  title = {qwraps2: Quick Wraps 2},
  author = {Peter DeWitt},
  year = {2020},
  note = {R package version 0.5.0},
  url = {https://CRAN.R-project.org/package=qwraps2},
}
@Manual{R-rio,
  title = {rio: A Swiss-army knife for data file I/O},
  author = {Chung-hong Chan and Geoffrey CH Chan and Thomas J. Leeper and Jason Becker},
  year = {2018},
  note = {R package version 0.5.16},
}
@Manual{R-gdtools,
  title = {gdtools: Utilities for Graphical Rendering},
  author = {David Gohel and Hadley Wickham and Lionel Henry and Jeroen Ooms},
  year = {2020},
  note = {R package version 0.2.2},
  url = {https://CRAN.R-project.org/package=gdtools},
}
@Manual{R-ggiraphExtra,
  title = {ggiraphExtra: Make Interactive 'ggplot2'. Extension to 'ggplot2' and 'ggiraph'},
  author = {Keon-Woong Moon},
  year = {2020},
  note = {R package version 0.3.0},
  url = {https://CRAN.R-project.org/package=ggiraphExtra},
}
@Manual{R-lm.beta,
  title = {lm.beta: Add Standardized Regression Coefficients to lm-Objects},
  author = {Stefan Behrendt},
  year = {2014},
  note = {R package version 1.5-1},
  url = {https://CRAN.R-project.org/package=lm.beta},
}
@Manual{R-psych,
  title = {psych: Procedures for Psychological, Psychometric, and Personality Research},
  author = {William Revelle},
  organization = { Northwestern University},
  address = { Evanston, Illinois},
  year = {2020},
  note = {R package version 2.0.9},
  url = {https://CRAN.R-project.org/package=psych},
}
@Book{R-knitr,
  title = {Dynamic Documents with {R} and knitr},
  author = {Yihui Xie},
  publisher = {Chapman and Hall/CRC},
  address = {Boca Raton, Florida},
  year = {2015},
  edition = {2nd},
  note = {ISBN 978-1498716963},
  url = {https://yihui.org/knitr/},
}
@Article{R-lavaan,
  title = {{lavaan}: An {R} Package for Structural Equation Modeling},
  author = {Yves Rosseel},
  journal = {Journal of Statistical Software},
  year = {2012},
  volume = {48},
  number = {2},
  pages = {1--36},
  url = {http://www.jstatsoft.org/v48/i02/},
}
@Manual{R-lavaanPlot,
  title = {lavaanPlot: Path Diagrams for Lavaan Models via DiagrammeR},
  author = {Alex Lishinski},
  year = {2018},
  note = {R package version 0.5.1},
  url = {https://CRAN.R-project.org/package=lavaanPlot},
}
@Manual{R-probemod,
  title = {probemod: Statistical Tools for Probing Moderation Effects},
  author = {Jiat Chow Tan},
  year = {2015},
  note = {R package version 0.2.1},
  url = {https://CRAN.R-project.org/package=probemod},
}
@Manual{R-rockchalk,
  title = {rockchalk: Regression Estimation and Presentation},
  author = {Paul E. Johnson},
  year = {2019},
  note = {R package version 1.8.144},
  url = {https://CRAN.R-project.org/package=rockchalk},
}
@Manual{R-magick,
  title = {magick: Advanced Graphics and Image-Processing in R},
  author = {Jeroen Ooms},
  year = {2020},
  note = {R package version 2.5.2},
  url = {https://CRAN.R-project.org/package=magick},
}

@Manual{R-magick,
  title = {magick: Advanced Graphics and Image-Processing in R},
  author = {Jeroen Ooms},
  year = {2020},
  note = {R package version 2.5.2},
  url = {https://CRAN.R-project.org/package=magick},
}

@article{projectstridemethod,
  title={Project Stride methodology and technical notes},
  author={Meyer, Ilan H and Frost, David M and Narvaez, Rafael and Dietrich, Jessica H},
  journal={Unpublished manuscript},
  year={2006}
}

 @misc{projectstride, 
 title={Project STRIDE: Stress, Identity, and Mental Health, New York City, 2004-2005: Version 2}, 
 url={https://www.icpsr.umich.edu/icpsrweb/RCMD/studies/35525/versions/V2}, 
 DOI={10.3886/ICPSR35525.V2},
 publisher={Inter-University Consortium for Political and Social Research}, 
 author={Meyer, Ilan H and Dohrenwend, Bruce Philip and Schwartz, Sharon and Hunter, Joyce and Kertzner, Robert M}, 
 year={2016} 
 }
 
 @article{williams1997,
  title={Racial differences in physical and mental health: Socio-economic status, stress and discrimination},
  author={Williams, David R and Yu, Yan and Jackson, James S and Anderson, Norman B},
  journal={Journal of health psychology},
  volume={2},
  number={3},
  pages={335--351},
  year={1997},
  publisher={Sage Publications Sage CA: Thousand Oaks, CA}
}

@incollection{wheaton1999,
  author      = "Wheaton, B",
  title       = "The nature of stressors",
  editor      = "Horwitz, A F and Scheid, T L",
  booktitle   = "A handbook for the study of mental health: Social contexts, theories, and systems",
  publisher   = "Oxford University Press",
  address     = "New York",
  year        = 1999,
  pages       = "176-197",
  chapter     = 9,
}

@article{thoits2010,
  title={Stress and health: Major findings and policy implications},
  author={Thoits, Peggy A},
  journal={Journal of health and social behavior},
  volume={51},
  number={1\_suppl},
  pages={S41--S53},
  year={2010},
  publisher={Sage Publications Sage CA: Los Angeles, CA}
}

@article{ryff1989,
  title={Happiness is everything, or is it? Explorations on the meaning of psychological well-being.},
  author={Ryff, Carol D},
  journal={Journal of personality and social psychology},
  volume={57},
  number={6},
  pages={1069},
  year={1989},
  publisher={American Psychological Association}
}

@article{ryffkeyes1995,
  title={The structure of psychological well-being revisited.},
  author={Ryff, Carol D and Keyes, Corey Lee M},
  journal={Journal of personality and social psychology},
  volume={69},
  number={4},
  pages={719},
  year={1995},
  publisher={American Psychological Association}
}

@article{mills2001,
  title={Health-related characteristics of men who have sex with men: a comparison of those living in" gay ghettos" with those living elsewhere.},
  author={Mills, Thomas C and Stall, Ron and Pollack, Lance and Paul, Jay P and Binson, Diane and Canchola, Jesse and Catania, Joseph A},
  journal={American journal of public health},
  volume={91},
  number={6},
  pages={980},
  year={2001},
  publisher={American Public Health Association}
}

